<collection xmlns="http://www.loc.gov/MARC21/slim">
<record>
  <leader>01313nam0a22002651i 450 </leader>
  <controlfield tag="001">IT\ICCU\CNCE\055825</controlfield>
  <controlfield tag="005">20040220000000.0</controlfield>
  <datafield tag="012" ind1=" " ind2=" ">
    <subfield code="a">r-i- e.a, o,o- deac (C) 1586 (A)</subfield>
    <subfield code="2">fei</subfield>
  </datafield>
  <datafield tag="100" ind1=" " ind2=" ">
    <subfield code="a">20040220d1586        0itac0103    ba</subfield>
  </datafield>
  <datafield tag="101" ind1=" " ind2=" ">
    <subfield code="a">ITA</subfield>
  </datafield>
  <datafield tag="102" ind1=" " ind2=" ">
    <subfield code="a">IT</subfield>
  </datafield>
  <datafield tag="200" ind1="1" ind2=" ">
    <subfield code="a">Comedia ouero Dialogo della pouert,̉ &amp; richezza, composta in latino da Bernardino Macio Bornaciano, et da prete Giouan Pietro Petrone tradutto in volgare. Opera vtilissima et diletteuole. Di nouo impresso con la gionta</subfield>
  </datafield>
  <datafield tag="210" ind1=" " ind2=" ">
    <subfield code="a">In Turino</subfield>
    <subfield code="c">per Antonio Bianco</subfield>
    <subfield code="c">ad instanza di Santo degli Alessandri fiorentino libraro</subfield>
    <subfield code="d">1586</subfield>
  </datafield>
  <datafield tag="215" ind1=" " ind2=" ">
    <subfield code="a">\24! c.</subfield>
    <subfield code="d">8ʻ</subfield>
  </datafield>
  <datafield tag="620" ind1=" " ind2=" ">
    <subfield code="a">IT</subfield>
    <subfield code="d">Torino</subfield>
  </datafield>
  <datafield tag="700" ind1=" " ind2="1">
    <subfield code="a">Bornato,</subfield>
    <subfield code="b">Bernardino</subfield>
    <subfield code="3">IT\ICCU\CNCA\001916</subfield>
  </datafield>
  <datafield tag="712" ind1="0" ind2="0">
    <subfield code="a">Bianchi, Antonio</subfield>
    <subfield code="3">IT\ICCU\CNCT\000437</subfield>
    <subfield code="4">650</subfield>
  </datafield>
  <datafield tag="712" ind1="0" ind2="0">
    <subfield code="a">Alessandri, Santo</subfield>
    <subfield code="3">IT\ICCU\CNCT\001144</subfield>
    <subfield code="4">650</subfield>
  </datafield>
  <datafield tag="790" ind1=" " ind2="1">
    <subfield code="a">Bornaciano,</subfield>
    <subfield code="b">Bernardino Macio</subfield>
    <subfield code="3">IT\ICCU\CNCA\026800</subfield>
    <subfield code="z">Bornato, Bernardino</subfield>
  </datafield>
  <datafield tag="791" ind1="0" ind2="0">
    <subfield code="a">Albinus, Antonius</subfield>
    <subfield code="3">IT\ICCU\CNCT\004115</subfield>
    <subfield code="z">Bianchi, Antonio</subfield>
  </datafield>
  <datafield tag="791" ind1="0" ind2="0">
    <subfield code="a">Blancus, Antonius</subfield>
    <subfield code="3">IT\ICCU\CNCT\004369</subfield>
    <subfield code="z">Bianchi, Antonio</subfield>
  </datafield>
  <datafield tag="791" ind1="0" ind2="0">
    <subfield code="a">Bianqui, Antonio de</subfield>
    <subfield code="3">IT\ICCU\CNCT\004370</subfield>
    <subfield code="z">Bianchi, Antonio</subfield>
  </datafield>
  <datafield tag="791" ind1="0" ind2="2">
    <subfield code="a">Santo di Alessandro</subfield>
    <subfield code="3">IT\ICCU\CNCT\003093</subfield>
    <subfield code="z">Alessandri, Santo</subfield>
  </datafield>
  <datafield tag="801" ind1=" " ind2="3">
    <subfield code="a">IT</subfield>
    <subfield code="b">ICCU</subfield>
    <subfield code="c">20201115</subfield>
  </datafield>
  <datafield tag="899" ind1=" " ind2=" ">
    <subfield code="a">Biblioteca Apostolica Vaticana. Citt ̉del Vaticano</subfield>
    <subfield code="1">EX0001</subfield>
    <subfield code="2">ZCV 01</subfield>
  </datafield>
</record>
</collection>
